@article{de2001mining,
  title={Mining e-mail content for author identification forensics},
  author={De Vel, Olivier and Anderson, Alison and Corney, Malcolm and Mohay, George},
  journal={ACM Sigmod Record},
  volume={30},
  number={4},
  pages={55--64},
  year={2001},
  publisher={ACM}
}

@incollection{abbasi2006visualizing,
  title={Visualizing authorship for identification},
  author={Abbasi, Ahmed and Chen, Hsinchun},
  booktitle={Intelligence and Security Informatics},
  pages={60--71},
  year={2006},
  publisher={Springer}
}

@inproceedings{madigan2005author,
  title={Author identification on the large scale},
  author={Madigan, David and Genkin, Alexander and Lewis, David D and Argamon, Shlomo and Fradkin, Dmitriy and Ye, Li},
  booktitle={Proc. of the Meeting of the Classification Society of North America},
  year={2005}
}

@inproceedings{szymanski2004recursive,
  title={Recursive data mining for masquerade detection and author identification},
  author={Szymanski, Boleslaw K and Zhang, Yongqiang},
  booktitle={Information Assurance Workshop, 2004. Proceedings from the Fifth Annual IEEE SMC},
  pages={424--431},
  year={2004},
  organization={IEEE}
}

@inproceedings{argamon2003style,
  title={Style mining of electronic messages for multiple authorship discrimination: first results},
  author={Argamon, Shlomo and {\v{S}}ari{\'c}, Marin and Stein, Sterling S},
  booktitle={Proceedings of the ninth ACM SIGKDD international conference on Knowledge discovery and data mining},
  pages={475--480},
  year={2003},
  organization={ACM}
}

@inproceedings{narayanan2012feasibility,
  title={On the feasibility of internet-scale author identification},
  author={Narayanan, Arvind and Paskov, Hristo and Gong, Neil Zhenqiang and Bethencourt, John and Stefanov, Emil and Shin, Eui Chul Richard and Song, Dawn},
  booktitle={Security and Privacy (SP), 2012 IEEE Symposium on},
  pages={300--314},
  year={2012},
  organization={IEEE}
}